<?xml version="1.0" encoding="UTF-8"?><collection xmlns="http://www.loc.gov/MARC21/slim"><record><leader>00390nam--2200145-i-4500</leader><controlfield tag="001">000009769</controlfield><controlfield tag="002">20161230</controlfield><controlfield tag="005">20161230201028</controlfield><controlfield tag="008">060222s1000------------r-----000-0-eng-d</controlfield><datafield ind1=" " ind2=" " tag="080"><subfield code="a">621.3.029.6: 621.37.029.6</subfield></datafield><datafield ind1=" " ind2=" " tag="100"><subfield code="a">Baden Fuller, A.J</subfield></datafield><datafield ind1=" " ind2=" " tag="245"><subfield code="a">Microwaves</subfield></datafield><datafield ind1=" " ind2=" " tag="260"><subfield code="a">Oxford, Pergamon Press, 1969. Xv + 289 P</subfield></datafield><datafield ind1=" " ind2=" " tag="490"><subfield code="a">The Commonwealth And International Library</subfield></datafield><datafield ind1=" " ind2=" " tag="852"><subfield code="a">35272</subfield></datafield></record></collection>